<record><leader>00000cas a2200000 a 4500</leader><controlfield tag="001">21589440</controlfield><controlfield tag="008">900525d18uu1886iludn ne      0   a0eng c</controlfield><datafield ind1=" " ind2=" " tag="010"><subfield code="a">sn 90053040 </subfield></datafield><datafield ind1=" " ind2=" " tag="040"><subfield code="a">NVF</subfield><subfield code="b">eng</subfield><subfield code="c">NVF</subfield><subfield code="d">OCL</subfield><subfield code="d">OCLCQ</subfield><subfield code="d">NVF</subfield><subfield code="d">OCLCQ</subfield><subfield code="d">NVF</subfield><subfield code="d">DLC</subfield><subfield code="d">NVF</subfield><subfield code="d">OCLCO</subfield><subfield code="d">OCLCF</subfield></datafield><datafield ind1=" " ind2=" " tag="042"><subfield code="a">pcc</subfield></datafield><datafield ind1=" " ind2=" " tag="043"><subfield code="a">n-us-il</subfield></datafield><datafield ind1="0" ind2=" " tag="130"><subfield code="a">Daily evening sun (Chicago, Ill.)</subfield></datafield><datafield ind1="1" ind2="4" tag="245"><subfield code="a">The daily evening sun.</subfield></datafield><datafield ind1="1" ind2="7" tag="246"><subfield code="a">Goodall's daily evening sun</subfield><subfield code="f">Sept. 7-Oct. 10, 1885</subfield></datafield><datafield ind1="1" ind2="7" tag="246"><subfield code="a">Goodall's daily sun</subfield><subfield code="f">Oct. 12, 1885-Apr. 28, 1886</subfield></datafield><datafield ind1=" " ind2=" " tag="260"><subfield code="a">Union Stock Yards, Chicago, Ill. :</subfield><subfield code="b">H.L. Goodall &amp; Co.</subfield></datafield><datafield ind1=" " ind2=" " tag="300"><subfield code="a">v.</subfield></datafield><datafield ind1=" " ind2=" " tag="310"><subfield code="a">Daily (except Sunday)</subfield></datafield><datafield ind1="0" ind2=" " tag="362"><subfield code="a">-17th year, no. 126 (Apr. 28, 1886).</subfield></datafield><datafield ind1=" " ind2=" " tag="580"><subfield code="a">Weekly eds.: Dollar weekly sun (Chicago, Ill.), &lt;1884&gt;, and: Goodalls Saturday sun, 1886.</subfield></datafield><datafield ind1=" " ind2=" " tag="588"><subfield code="a">Description based on: Volume 15, number 237 (May 2, 1884).</subfield></datafield><datafield ind1="2" ind2="0" tag="610"><subfield code="a">Union Stock Yard &amp; Transit Company of Chicago</subfield><subfield code="v">Newspapers.</subfield></datafield><datafield ind1=" " ind2="0" tag="651"><subfield code="a">Back of the Yards (Chicago, Ill.)</subfield><subfield code="v">Newspapers.</subfield></datafield><datafield ind1=" " ind2="0" tag="651"><subfield code="a">New City (Chicago, Ill.)</subfield><subfield code="v">Newspapers.</subfield></datafield><datafield ind1=" " ind2="7" tag="655"><subfield code="a">Newspapers.</subfield><subfield code="2">fast</subfield><subfield code="0">(OCoLC)fst01423814</subfield></datafield><datafield ind1="2" ind2="7" tag="610"><subfield code="a">Union Stock Yard &amp; Transit Company of Chicago.</subfield><subfield code="2">fast</subfield><subfield code="0">(OCoLC)fst00726874</subfield></datafield><datafield ind1=" " ind2="7" tag="651"><subfield code="a">Illinois</subfield><subfield code="z">Chicago</subfield><subfield code="z">Back of the Yards.</subfield><subfield code="2">fast</subfield><subfield code="0">(OCoLC)fst01926116</subfield></datafield><datafield ind1=" " ind2="7" tag="651"><subfield code="a">Illinois</subfield><subfield code="z">New City (Chicago)</subfield><subfield code="2">fast</subfield><subfield code="0">(OCoLC)fst01886494</subfield></datafield><datafield ind1=" " ind2=" " tag="752"><subfield code="a">United States</subfield><subfield code="b">Illinois</subfield><subfield code="c">Cook</subfield><subfield code="d">Chicago.</subfield></datafield><datafield ind1="1" ind2=" " tag="775"><subfield code="t">Dollar weekly sun (Chicago, Ill.)</subfield><subfield code="w">(DLC)sn 92055149</subfield><subfield code="w">(OCoLC)26143028</subfield></datafield><datafield ind1="1" ind2=" " tag="775"><subfield code="t">Goodalls Saturday sun</subfield><subfield code="w">(DLC)sn 93055796</subfield><subfield code="w">(OCoLC)28232782</subfield></datafield><datafield ind1="0" ind2="0" tag="780"><subfield code="t">Chicago sun (Chicago, Ill. : 1870)</subfield><subfield code="w">(DLC)sn 91055787</subfield><subfield code="w">(OCoLC)23830182</subfield></datafield><datafield ind1="0" ind2="0" tag="785"><subfield code="t">Goodalls daily evening sun</subfield><subfield code="w">(DLC)sn 90053041</subfield><subfield code="w">(OCoLC)21589591</subfield></datafield></record>